@article{ref5,
	title={Aluno: \_},
	author={Caetano, Saul Silva}
}

@article{ref6,
	title={Topologias de redes de comunica{\c{c}}{\~a}o},
	author={PINHEIRO, Jos{\'e} Mauricio S},
	journal={Encontrado no site:< http://www. projetoderedes. com. br/artigos/artigo\_topologias\_de\_rede. php>. Postado em},
	volume={17},
	number={07},
	year={2006}
}

@article{ref7,
	title={Curso de Tecnologia em Redes de Computadores},
	author={Pinheiro, Jos{\'e} Maur{\'\i}cio S},
	journal={Centro Universitario Geraldo Di Biase (UGB), Rio de Janeiro, Brasil}
}

@article{ref8,
	title={Obtido de Projeto de Redes: http://www. projetoderedes. com. br/aulas/ugb\_infraestrutura},
	author={Pinheiro, J},
	journal={UGB\_aula1\_Conceitos \_de\_Infraestrutura. pdf},
	year={2010}
}

@book{ref9,
	title={Cabeamento Estruturado},
	author={Ross, Julio},
	year={2007},
	publisher={Julio Ross}
}

@article{ref10,
	title={Apostila de Redes de computadores},
	author={Costa, Jefferson},
	journal={S{\~a}o Paulo},
	year={2010}
}

